<?xml version="1.0" encoding="UTF-8"?><record xmlns="http://www.loc.gov/MARC21/slim" xmlns:cinclude="http://apache.org/cocoon/include/1.0" xmlns:zs="http://www.loc.gov/zing/srw/">
  <leader>00335nz  a2200121n  4500</leader>
  <controlfield tag="001">n  96113377 </controlfield>
  <controlfield tag="003">DLC</controlfield>
  <controlfield tag="005">19961121150022.2</controlfield>
  <controlfield tag="008">961121n| acannaab|          |n aaa |||  </controlfield>
  <datafield tag="010" ind1=" " ind2=" ">
    <subfield code="a">n  96113377 </subfield>
  </datafield>
  <datafield tag="040" ind1=" " ind2=" ">
    <subfield code="a">DLC</subfield>
    <subfield code="c">DLC</subfield>
  </datafield>
  <datafield tag="100" ind1="1" ind2="0">
    <subfield code="a">Kaster, Bonnie,</subfield>
    <subfield code="d">1944-</subfield>
  </datafield>
  <datafield tag="670" ind1=" " ind2=" ">
    <subfield code="a">Once upon a quilt, c1997:</subfield>
    <subfield code="b">CIP t.p. (Bonnie Kaster) data sheet (b. 10-14-44)</subfield>
  </datafield>
</record>